%% LaTeX2e file `pustaka.bib'
%% from source `kolokium_ekstensi' 
%%

@book{ANTONIOUG2008,
	author = {G Antoniou  and F Hermalen},
	title = {A Semantic Web Primer, Second edition},
	date = {2008},
	publisher = {Cambridge (GB): The MIT Pr},
}

@book{ASHBURNERM2000,
	author = {M Ashburner and CA Ball and JA Blake and D Botstein and H Butler and JM Cherry and AP Davis and K Dolinski and SS Dwight3 and JT Eppig and MA Harris and DP Hill and LI Tarver and A Kasarskis and S Lewis and JC Matese and JE Richardson and M Ringwald and GM Rubin and G Sherlock},
	title = {Gene ontology: tool for the unification of biology},
	date = {2000},
	publisher = {California (US): Stanford University School of Medicine},
}

@book{BAPPENAS2003,
	author = {Bappenas},
	title = {Indonesia Biodiversity and Action Plan 2003-2020},
	date = {2003},
	publisher = {Jakarta (ID): Bappenas},
}

@proceedings{DILECCE2008,
	editor = {DiLecce V, Calabrese M},
	title = {LOF: Identifying Density-Based Local Outliers},
	date = {2008},
	eventtitle = {Taxonomies and Ontologies in Web Semantic Applications: the New Emerging Semantic Lexicon-Based Model},
	volume = {CIMCA International Conference, IEEE. 277-283},
	eventdate = {2008-10/12},
	publisher={Viena (AUT)},
}

@proceedings{DINGL2005,
	editor = {L Ding and Finin T and Joshi A and Peng Y and Pan R and Reddivari P},
	title = {Search on The Semantic Web},
	date = {2005},
	eventtitle = {Computer Society, IEEE. 38(10):62-69},
}

@proceedings{FAROOQA2010,
	editor = {Farooq,A and Ahsan,S and Sha,A},
	title = {Engineering Semantic Web Applications by Using Object-Oriented Paradigm},
	date = {2010},
	eventtitle = {Journal of Computer Science. 2(6):156-165},
}

@book{GILLMANE2009,
	author = {Gilman,E and King,N and Peterson,T and Chavan,V and Hahn,A},
	title = {Building The Biodiversity Data  Commons The Global Biodiversity Information Facility},
	date = {2009},
	publisher = {Graz (AT): Graz University of Technology},
}

@book{GURALNICK2009,
	author = {Guralnick,R and Hill,A},
	title = {Biodiversity Informatics: Automated Approaches for Documenting Global Biodiversity Patterns and Processes},
	date = {2008},
	publisher = {Boulder (CO): Department of Ecology and Evolutionary Biology University of Colorado},
}

@proceedings{HAMZARI2008,
	editor = {Hamzari},
	title = {Identifikasi tanaman obat-obatan yang dimanfaatkan oleh masyarakat sekitar hutan Tabo-tabo},
	date = {2008},
	eventtitle = {Jurnal Hutan dan Masyarakat. 3(2):159-167},
}

@proceedings{HEG2010,
	editor = {He,G and An,L},
	title = {Ontology Language OWL Research Study},
	date = {2011},
	eventtitle = {MASS International Conference, IEEE. 1-4},
}

@proceedings{JEPSEN2010,
	editor = {Jepsen,TC},
	title = {Just What Is an Ontology, Anyway?},
	date = {2009},
	eventtitle = {IT professional, IEEE. 11(5):22-27},
}

@proceedings{LAALLAM2013,
	editor = {FZ Laallam and Kherfi,ML and Benslimane,SM},
	title = {Using ontologies to overcoming 	draw-back of database and vice versa: a survey},
	date = {2013},
	eventtitle = {CSEIJ. 3(2):1-21},
}


@proceedings{RAIMBAULT2010,
	editor = {T Raimbault},
	title = {Overviewing the RDF(S) semantic web},
	date = {2010},
	eventtitle = {CiSE International Conference, IEEE. 1-4},
}

@book{SEGARAB2009,
	author = {T Segaran and Evans C and Taylor J},
	title = {Programming the semantic web},
	date = {2009},
	publisher = {New York(US): O’Reilly},
}

@proceedings{VADIVU2012,
	editor = {Vadivu G, Hopper SW},
	title = {Ontology mapping of indian medicinal plants with standardized medical terms},
	date = {2012},
	eventtitle = {Journal of Computer Science. 8(9):1576-1584},
}

@book{ZUHUD2008,
	author = {Zuhud, EAM},
	title = {Potensi hutan tropika indonesia sebagai penyangga bahan obat alam untuk kesehatan bangsa},
	date = {2008},
	publisher = {Bogor(ID). Fakultas Kehutanan IPB},
}

@proceedings{HERDIYENI2013,
	editor = {Y Herdiyeni and Zuhud EAM and Hikmat A and Mustari AH and Pravista DS and Mega M and Setiawan R and Metananda AA},
	title = {IPB Biodiversity Informatics (IPBiotics) Untuk Pembangunan Berkelanjutan},
	date = {2013},
	eventtitle = {Prosiding Seminar Hasil-Hasil PPM IPB 2013. 2: 389–402},
}
